@article{leveinson1998speed,
  author = {Levinson, D. M.},
  title = {Speed and delay on signalized arterials},
  journal = {Journal of Transportation Engineering},
  volume = {124},
  number = {3},
  pages = {258--263},
  year = {1998}
}

@article{tirachini2013estimation,
  author = {Tirachini, A.},
  title = {Estimation of travel time and the benefits of upgrading the fare payment technology in urban bus services},
  journal = {Transportation Research Part C: Emerging Technologies},
  volume = {30},
  pages = {239--256},
  year = {2013}
}

@article{mousavi2017traffic,
  author = {Mousavi, S. S. and Schukat, M. and Howley, E.},
  title = {Traffic light control using deep policy-gradient and value-function-based reinforcement learning},
  journal = {IET Intelligent Transport Systems},
  volume = {11},
  number = {7},
  pages = {417--423},
  year = {2017}
}

@inproceedings{aamas2020,
  author = {Ault, J. and Hanna, J. and Sharon, G.},
  title = {Learning an interpretable traffic signal control policy},
  booktitle = {Proceedings of the 19th International Conference on Autonomous Agents and MultiAgent Systems (AAMAS 2020)},
  year = {2020}
}

@article{mnih2015human,
  title={Human-level control through deep reinforcement learning},
  author={Mnih, Volodymyr and Kavukcuoglu, Koray and Silver, David and Rusu, Andrei A. and Veness, Joel and Bellemare, Marc G. and Graves, Alex and Riedmiller, Martin and Fidjeland, Andreas K. and Ostrovski, Georg and others},
  journal={Nature},
  volume={518},
  number={7540},
  pages={529--533},
  year={2015}
}

@article{schulman2017proximal,
  title={Proximal policy optimization algorithms},
  author={Schulman, John and Wolski, Filip and Dhariwal, Prafulla and Radford, Alec and Klimov, Oleg},
  journal={arXiv preprint arXiv:1707.06347},
  year={2017}
}

@inproceedings{chen2020toward,
  title={Toward a thousand lights: Decentralized deep reinforcement learning for large-scale traffic signal control},
  author={Chen, Chacha and Wei, Hongyu and Xu, Nan and Zheng, Guanjie and Yang, Ming and Xiong, Yilin and Xu, Kewei and Li, Zongzhang},
  booktitle={Proceedings of the AAAI Conference on Artificial Intelligence},
  volume={34},
  pages={3414--3421},
  year={2020}
}

@inproceedings{ma2020feudal,
  title={Feudal multi-agent deep reinforcement learning for traffic signal control},
  author={Ma, Jian and Wu, Fan},
  booktitle={Proceedings of the 19th International Conference on Autonomous Agents and Multiagent Systems (AAMAS)},
  pages={816--824},
  year={2020}
}

@inproceedings{shabestary2018deep,
  title={Deep learning vs. discrete reinforcement learning for adaptive traffic signal control},
  author={Shabestary, S. M. A. and Abdulhai, Baher},
  booktitle={2018 21st International Conference on Intelligent Transportation Systems (ITSC)},
  pages={286--293},
  year={2018}
}

@inproceedings{wiering2000multi,
  title={Multi-agent reinforcement learning for traffic light control},
  author={Wiering, Marco A.},
  booktitle={Machine Learning: Proceedings of the Seventeenth International Conference (ICML’2000)},
  pages={1151--1158},
  year={2000}
}

@inproceedings{resco,
  title={Reinforcement Learning Benchmarks for Traffic Signal Control},
  author={James Ault and Guni Sharon},
  booktitle={Proceedings of the Thirty-fifth Conference on Neural Information Processing Systems (NeurIPS 2021) Datasets and Benchmarks Track},
  month={December},
  year={2021}
}

@inproceedings{codeca2018monaco,
  title={Monaco SUMO Traffic (MoST) Scenario: A 3D Mobility Scenario for Cooperative ITS},
  author={Codeca, L. and H{\"a}rri, J.},
  booktitle={SUMO 2018, SUMO User Conference, Simulating Autonomous and Intermodal Transport Systems, May 14-16, 2018, Berlin, Germany},
  year={2018}
}

@inproceedings{pham2013learning,
  title={Learning coordinated traffic light control},
  author={Pham, T. T. and Brys, T. and Taylor, M. E. and Brys, T. and Drugan, M. M. and Bosman, P. and Cock, M.-D. and Lazar, C. and Demarchi, L. and Steenhoff, D.},
  booktitle={Proceedings of the Adaptive and Learning Agents workshop (at AAMAS-13)},
  volume={10},
  pages={1196--1201},
  year={2013}
}

@article{dresner2008multiagent,
  title={A multiagent approach to autonomous intersection management},
  author={Dresner, K. and Stone, P.},
  journal={Journal of artificial intelligence research},
  volume={31},
  pages={591--656},
  year={2008}
}

@inproceedings{zhang2019cityflow,
  author    = {H. Zhang and S. Feng and C. Liu and Y. Ding and Y. Zhu and Z. Zhou and W. Zhang and Y. Yu and H. Jin and Z. Li},
  title     = {Cityflow: A Multi-Agent Reinforcement Learning Environment for Large Scale City Traffic Scenario},
  booktitle = {The World Wide Web Conference},
  pages     = {3620--3624},
  year      = {2019}
}

@online{alegre2019sumo-rl,
  title={Sumo-rl},
  author={Alegre, L. N.},
  year={2019},
  url={https://github.com/LucasAlegre/sumo-rl}
}

@online{lobo2020intas,
  title={InTAS–the ingolstadt traffic scenario for SUMO},
  author={Lobo, S. C. and Neumeier, S. and Fernandez, E. M. and Facchi, C.},
  year={2020},
  url={https://arxiv.org/abs/2011.11995}
}

@inproceedings{zheng2019learning,
  title={Learning phase competition for traffic signal control},
  author={Zheng, G. and Xiong, Y. and Zang, X. and Feng, J. and Wei, H. and Zhang, H. and Li, Y. and Xu, K. and Li, Z.},
  booktitle={Proceedings of the 28th ACM International Conference on Information and Knowledge Management},
  pages={1963--1972},
  year={2019}
}

@inproceedings{ault2020learning,
  title={Learning an Interpretable Traffic Signal Control Policy},
  author={Ault, J. and Hanna, J. and Sharon, G.},
  booktitle={Proceedings of the 19th International Conference on Autonomous Agents and MultiAgent Systems (AAMAS 2020)},
  organization={International Foundation for Autonomous Agents and Multiagent Systems},
  month={May},
  year={2020}
}

@article{chu2019multi,
  title={Multi-Agent Deep Reinforcement Learning for Large-Scale Traffic Signal Control},
  author={Chu, T. and Wang, J. and Codecà, L. and Li, Z.},
  journal={IEEE Transactions on Intelligent Transportation Systems},
  volume={21},
  number={3},
  pages={1086--1095},
  year={2019}
}
